<record><leader>00000cas a22000007a 4500</leader><controlfield tag="001">31690038</controlfield><controlfield tag="008">941213d19831985sdudn ne      0   a0eng d</controlfield><datafield ind1=" " ind2=" " tag="010"><subfield code="a">sn 97065899 </subfield></datafield><datafield ind1=" " ind2=" " tag="040"><subfield code="a">BHS</subfield><subfield code="b">eng</subfield><subfield code="c">BHS</subfield><subfield code="d">SXN</subfield><subfield code="d">OCLCQ</subfield><subfield code="d">OCLCF</subfield><subfield code="d">OCLCO</subfield></datafield><datafield ind1="1" ind2=" " tag="029"><subfield code="a">AU@</subfield><subfield code="b">000013538998</subfield></datafield><datafield ind1=" " ind2=" " tag="042"><subfield code="a">msc</subfield></datafield><datafield ind1=" " ind2=" " tag="043"><subfield code="a">n-us-sd</subfield></datafield><datafield ind1="0" ind2="0" tag="245"><subfield code="a">Spearfish star.</subfield></datafield><datafield ind1=" " ind2=" " tag="260"><subfield code="a">Spearfish, S.D. :</subfield><subfield code="b">Seaton Pub. Co,</subfield><subfield code="c">1983-1985.</subfield></datafield><datafield ind1=" " ind2=" " tag="300"><subfield code="a">3 v. :</subfield><subfield code="b">ill. ;</subfield><subfield code="c">58 cm.</subfield></datafield><datafield ind1=" " ind2=" " tag="310"><subfield code="a">Daily (except Sun. and holidays)</subfield></datafield><datafield ind1="0" ind2=" " tag="362"><subfield code="a">Vol. 1, no. 1 (July 19, 1983)-v. 3, no. 114 (Nov. 30, 1985).</subfield></datafield><datafield ind1=" " ind2=" " tag="580"><subfield code="a">Merged with: Spearfish Queen City mail, to form: Spearfish daily Queen City mail.</subfield></datafield><datafield ind1=" " ind2=" " tag="588"><subfield code="a">Description based on: Vol. 2, no. 45 (Sept. 11, 1984).</subfield></datafield><datafield ind1=" " ind2="0" tag="651"><subfield code="a">Spearfish (S.D.)</subfield><subfield code="v">Newspapers.</subfield></datafield><datafield ind1=" " ind2="0" tag="651"><subfield code="a">Lawrence County (S.D.)</subfield><subfield code="v">Newspapers.</subfield></datafield><datafield ind1=" " ind2="7" tag="655"><subfield code="a">Newspapers.</subfield><subfield code="2">fast</subfield><subfield code="0">(OCoLC)fst01423814</subfield></datafield><datafield ind1=" " ind2="7" tag="651"><subfield code="a">South Dakota</subfield><subfield code="z">Lawrence County.</subfield><subfield code="2">fast</subfield><subfield code="0">(OCoLC)fst01209432</subfield></datafield><datafield ind1=" " ind2="7" tag="651"><subfield code="a">South Dakota</subfield><subfield code="z">Spearfish.</subfield><subfield code="2">fast</subfield><subfield code="0">(OCoLC)fst01224838</subfield></datafield><datafield ind1=" " ind2=" " tag="752"><subfield code="a">United States</subfield><subfield code="b">South Dakota</subfield><subfield code="c">Lawrence</subfield><subfield code="d">Spearfish.</subfield></datafield><datafield ind1="1" ind2="7" tag="785"><subfield code="t">Spearfish Queen City mail</subfield><subfield code="w">(DLC)sn 98069020</subfield></datafield><datafield ind1="1" ind2="7" tag="785"><subfield code="t">Spearfish daily Queen City mail</subfield><subfield code="w">(DLC)sn 86013741</subfield></datafield></record>